@article{RSA,
  title={Representational similarity analysis--connecting the branches of systems neuroscience},
  author={Kriegeskorte, Nikolaus and Mur, Marieke and Bandettini, Peter},
  journal={Frontiers in systems neuroscience},
  volume={2},
  year={2008},
  publisher={Frontiers Research Foundation}
}

@article{searchlight,
  title={Information-based functional brain mapping},
  author={Kriegeskorte, Nikolaus and Goebel, Rainer and Bandettini, Peter},
  journal={Proceedings of the National Academy of Sciences of the United States of America},
  volume={103},
  number={10},
  pages={3863--3868},
  year={2006},
  publisher={National Acad Sciences}
}

@article{multitask1,
  title={Convex multi-task feature learning},
  author={Argyriou, Andreas and Evgeniou, Theodoros and Pontil, Massimiliano},
  journal={Machine Learning},
  volume={73},
  number={3},
  pages={243--272},
  year={2008},
  publisher={Springer}
}

@article{similarity,
  title={Similarity, separability, and the triangle inequality.},
  author={Tversky, Amos and Gati, Itamar},
  journal={Psychological review},
  volume={89},
  number={2},
  pages={123},
  year={1982},
  publisher={American Psychological Association}
}

@article{PlautETAL96,
  title={Understanding normal and impaired word reading: computational principles in quasi-regular domains.},
  author={Plaut, David C and McClelland, James L and Seidenberg, Mark S and Patterson, Karalyn},
  journal={Psychological review},
  volume={103},
  number={1},
  pages={56},
  year={1996},
  publisher={American Psychological Association}
}


@article{obo11,
  title={Support union recovery in high-dimensional multivariate regression},
  author={Obozinski, Guillaume and Wainwright, Martin J and Jordan, Michael I},
  journal={The Annals of Statistics},
  pages={1--47},
  year={2011},
  publisher={JSTOR}
}


@article{oscar,
  title={Simultaneous regression shrinkage, variable selection, and supervised clustering of predictors with OSCAR},
  author={Bondell, Howard D and Reich, Brian J},
  journal={Biometrics},
  volume={64},
  number={1},
  pages={115--123},
  year={2008},
  publisher={Wiley Online Library}
}


@article{Dalton,
  title={The measurement of the inequality of incomes},
  author={Dalton, Hugh},
  journal={The Economic Journal},
  pages={348--361},
  year={1920},
  publisher={JSTOR}
}

@article{EN,
  title={Regularization and variable selection via the elastic net},
  author={Zou, Hui and Hastie, Trevor},
  journal={Journal of the Royal Statistical Society: Series B (Statistical Methodology)},
  volume={67},
  number={2},
  pages={301--320},
  year={2005},
  publisher={Wiley Online Library}
}


@article{lounici,
  title={Taking advantage of sparsity in multi-task learning},
  author={Lounici, Karim and Pontil, Massimiliano and Tsybakov, Alexandre B and Van De Geer, Sara},
  journal={arXiv preprint arXiv:0903.1468},
  year={2009}
}



@article{vandegeer,
  title={Oracle inequalities and optimal inference under group sparsity},
  author={Lounici, Karim and Pontil, Massimiliano and Van De Geer, Sara and Tsybakov, Alexandre B},
  journal={The Annals of Statistics},
  pages={2164--2204},
  year={2011},
  publisher={JSTOR}
}

@article{candes13,
  title={Statistical estimation and testing via the sorted L1 norm},
  author={Bogdan, Malgorzata and Berg, Ewout van den and Su, Weijie and Candes, Emmanuel},
  journal={arXiv preprint arXiv:1310.1969},
  year={2013}
}

@article{bogdan2014,
  title={SLOPE--Adaptive Variable Selection via Convex Optimization},
  author={Bogdan, Malgorzata and Berg, Ewout van den and Sabatti, Chiara and Su, Weijie and Candes, Emmanuel J},
  journal={arXiv preprint arXiv:1407.3824},
  year={2014}
}

@article{HarmSeidenberg04,
  title={Computing the meanings of words in reading: cooperative division of labor between visual and phonological processes.},
  author={Harm, Michael W and Seidenberg, Mark S},
  journal={Psychological review},
  volume={111},
  number={3},
  pages={662},
  year={2004},
  publisher={American Psychological Association}
}


@article{owl,
  title={Sparse estimation with strongly correlated variables using ordered weighted l1 regularization},
  author={Figueiredo, Mario AT and Nowak, Robert D},
  journal={arXiv preprint arXiv:1409.4005},
  year={2014}
}

@article{prox,
  title={Proximal algorithms},
  author={Parikh, Neal and Boyd, Stephen},
  journal={Foundations and Trends in optimization},
  volume={1},
  number={3},
  pages={123--231},
  year={2013}
}


@article{buhlmann13,
  title={Correlated variables in regression: clustering and sparse estimation},
  author={B{\"u}hlmann, Peter and R{\"u}timann, Philipp and van de Geer, Sara and Zhang, Cun-Hui},
  journal={Journal of Statistical Planning and Inference},
  volume={143},
  number={11},
  pages={1835--1858},
  year={2013},
  publisher={Elsevier}
}

@article{antani02,
  title={A survey on the use of pattern recognition methods for abstraction, indexing and retrieval of images and video},
  author={Antani, Sameer and Kasturi, Rangachar and Jain, Ramesh},
  journal={Pattern recognition},
  volume={35},
  number={4},
  pages={945--965},
  year={2002},
  publisher={Elsevier}
}



@article{maryam,
  title={Simultaneously structured models with application to sparse and low-rank matrices},
  author={Oymak, Samet and Jalali, Amin and Fazel, Maryam and Eldar, Yonina C and Hassibi, Babak},
  journal={Information Theory, IEEE Transactions on},
  volume={61},
  number={5},
  pages={2886--2908},
  year={2015},
  publisher={IEEE}
}


@article{ZengFigueiredo2013,
  title={Decreasing Weighted Sorted Regularization},
  author={Zeng, Xiangrong and Figueiredo, Mario and others},
  journal={Signal Processing Letters, IEEE},
  volume={21},
  number={10},
  pages={1240--1244},
  year={2014},
  publisher={IEEE}
}


@inproceedings{ZengFigueiredo2014,
  title={The atomic norm formulation of OSCAR regularization with application to the Frank-Wolfe algorithm},
  author={Zeng, Xiangrong and Figueiredo, Mario and others},
  booktitle={Proceedings of the European Signal Processing Conference, Lisbon, Portugal},
  year={2014}
}

@article{mcrae2005semantic,
  title={Semantic feature production norms for a large set of living and nonliving things},
  author={McRae, Ken and Cree, George S and Seidenberg, Mark S and McNorgan, Chris},
  journal={Behavior research methods},
  volume={37},
  number={4},
  pages={547--559},
  year={2005},
  publisher={Springer}
}
